<record><leader>00000cas a2200000 a 4500</leader><controlfield tag="001">16163494</controlfield><controlfield tag="008">870713d19191927miuen n       0   a0eng c</controlfield><datafield ind1=" " ind2=" " tag="010"><subfield code="a">sn 98066973 </subfield></datafield><datafield ind1=" " ind2=" " tag="040"><subfield code="a">EZN</subfield><subfield code="b">eng</subfield><subfield code="c">EZN</subfield><subfield code="d">MHN</subfield><subfield code="d">DLC</subfield><subfield code="d">OCL</subfield><subfield code="d">OCLCQ</subfield><subfield code="d">OCLCF</subfield><subfield code="d">OCLCO</subfield></datafield><datafield ind1="1" ind2=" " tag="029"><subfield code="a">AU@</subfield><subfield code="b">000014498301</subfield></datafield><datafield ind1=" " ind2=" " tag="042"><subfield code="a">pcc</subfield></datafield><datafield ind1=" " ind2=" " tag="043"><subfield code="a">n-us-mi</subfield></datafield><datafield ind1=" " ind2=" " tag="090"><subfield code="a">LD4011.N39</subfield><subfield code="b">A3</subfield></datafield><datafield ind1="0" ind2="4" tag="245"><subfield code="a">The Northern Normal news.</subfield></datafield><datafield ind1=" " ind2=" " tag="260"><subfield code="a">Marquette, Mich. :</subfield><subfield code="b">Northern State Normal School,</subfield><subfield code="c">1919-1927.</subfield></datafield><datafield ind1=" " ind2=" " tag="300"><subfield code="a">9 v. :</subfield><subfield code="b">ill. ;</subfield><subfield code="c">36-53 cm.</subfield></datafield><datafield ind1=" " ind2=" " tag="310"><subfield code="a">Biweekly (except Aug. and Sept.),</subfield><subfield code="b">Oct. 1923-July 1927</subfield></datafield><datafield ind1=" " ind2=" " tag="321"><subfield code="a">Monthly (except Aug. and Sept.),</subfield><subfield code="b">Jan. 1919-July 1923</subfield></datafield><datafield ind1="0" ind2=" " tag="362"><subfield code="a">Vol. 1, no. 1 (Jan. 15, 1919)-v. 9, no. 20 (July 26, 1927).</subfield></datafield><datafield ind1="2" ind2="0" tag="610"><subfield code="a">Northern Michigan College of Education</subfield><subfield code="v">Newspapers.</subfield></datafield><datafield ind1="2" ind2="0" tag="610"><subfield code="a">Northern Michigan University</subfield><subfield code="v">Newspapers.</subfield></datafield><datafield ind1=" " ind2="0" tag="651"><subfield code="a">Marquette (Mich.)</subfield><subfield code="v">Newspapers.</subfield></datafield><datafield ind1=" " ind2="0" tag="651"><subfield code="a">Marquette County (Mich.)</subfield><subfield code="v">Newspapers.</subfield></datafield><datafield ind1=" " ind2="7" tag="655"><subfield code="a">Newspapers.</subfield><subfield code="2">fast</subfield><subfield code="0">(OCoLC)fst01423814</subfield></datafield><datafield ind1="2" ind2="7" tag="610"><subfield code="a">Northern Michigan College of Education.</subfield><subfield code="2">fast</subfield><subfield code="0">(OCoLC)fst00559443</subfield></datafield><datafield ind1="2" ind2="7" tag="610"><subfield code="a">Northern Michigan University.</subfield><subfield code="2">fast</subfield><subfield code="0">(OCoLC)fst00559445</subfield></datafield><datafield ind1=" " ind2="7" tag="651"><subfield code="a">Michigan</subfield><subfield code="z">Marquette.</subfield><subfield code="2">fast</subfield><subfield code="0">(OCoLC)fst01214886</subfield></datafield><datafield ind1=" " ind2="7" tag="651"><subfield code="a">Michigan</subfield><subfield code="z">Marquette County.</subfield><subfield code="2">fast</subfield><subfield code="0">(OCoLC)fst01213518</subfield></datafield><datafield ind1="2" ind2=" " tag="710"><subfield code="a">Northern Michigan College of Education.</subfield></datafield><datafield ind1=" " ind2=" " tag="752"><subfield code="a">United States</subfield><subfield code="b">Michigan</subfield><subfield code="c">Marquette</subfield><subfield code="d">Marquette.</subfield></datafield><datafield ind1="0" ind2="0" tag="785"><subfield code="t">Northern College news</subfield><subfield code="w">(DLC)sn 98066978</subfield><subfield code="w">(OCoLC)16163208</subfield></datafield></record>